<record><leader>00000cas a2200000 a 4500</leader><controlfield tag="001">10012107</controlfield><controlfield tag="007">hd afv---baca</controlfield><controlfield tag="008">831013d18441847nyuwr nea     0    0eng d</controlfield><datafield ind1=" " ind2=" " tag="010"><subfield code="a">sf 89090536 </subfield></datafield><datafield ind1=" " ind2=" " tag="040"><subfield code="a">CNO</subfield><subfield code="b">eng</subfield><subfield code="c">CNO</subfield><subfield code="d">PES</subfield><subfield code="d">DLC</subfield><subfield code="d">FUG</subfield><subfield code="d">DLC</subfield><subfield code="d">OCL</subfield><subfield code="d">OCLCQ</subfield><subfield code="d">OCLCG</subfield><subfield code="d">CRU</subfield><subfield code="d">OCLCQ</subfield><subfield code="d">OCLCF</subfield><subfield code="d">OCLCO</subfield><subfield code="d">OCLCQ</subfield></datafield><datafield ind1=" " ind2=" " tag="042"><subfield code="a">msc</subfield></datafield><datafield ind1=" " ind2=" " tag="043"><subfield code="a">n-us-ny</subfield></datafield><datafield ind1="0" ind2="0" tag="050"><subfield code="a">Microfilm 01104 no. 576 AP</subfield></datafield><datafield ind1="1" ind2="4" tag="050"><subfield code="a">AP2</subfield><subfield code="b">.A1 APSII reel 576</subfield></datafield><datafield ind1="0" ind2="4" tag="082"><subfield code="a">051</subfield><subfield code="b">A51p2</subfield></datafield><datafield ind1="0" ind2=" " tag="130"><subfield code="a">Subterranean (New York, N.Y. : 1844)</subfield></datafield><datafield ind1="1" ind2="4" tag="245"><subfield code="a">The subterranean.</subfield></datafield><datafield ind1=" " ind2=" " tag="260"><subfield code="a">New-York, N.Y. :</subfield><subfield code="b">[Mike Walsh],</subfield><subfield code="c">[1844]-1847.</subfield></datafield><datafield ind1=" " ind2=" " tag="300"><subfield code="a">5 volumes ;</subfield><subfield code="c">50 cm</subfield></datafield><datafield ind1=" " ind2=" " tag="310"><subfield code="a">Weekly</subfield></datafield><datafield ind1=" " ind2=" " tag="336"><subfield code="a">text</subfield><subfield code="b">txt</subfield><subfield code="2">rdacontent</subfield></datafield><datafield ind1=" " ind2=" " tag="337"><subfield code="a">microform</subfield><subfield code="b">h</subfield><subfield code="2">rdamedia</subfield></datafield><datafield ind1=" " ind2=" " tag="338"><subfield code="a">microfilm reel</subfield><subfield code="b">hd</subfield><subfield code="2">rdacarrier</subfield></datafield><datafield ind1="1" ind2=" " tag="362"><subfield code="a">Began in Dec. 1844.</subfield></datafield><datafield ind1="0" ind2=" " tag="362"><subfield code="a">-v. 5, no. 27 (Nov. 27, 1847).</subfield></datafield><datafield ind1=" " ind2=" " tag="500"><subfield code="a">Film incomplete: Vol. 1-2, v. 4, no. 46, and May 29-Nov. 27, 1847 wanting.</subfield></datafield><datafield ind1=" " ind2=" " tag="500"><subfield code="a">Editor: 1844-, M. Walsh.</subfield></datafield><datafield ind1=" " ind2=" " tag="500"><subfield code="a">Imprint varies: -Nov. 8, 1844, New York, N.Y. : Mike Walsh; Nov. 15, 1845-Oct. 9, 1847, New York, N.Y. : L.N. Carr; Oct. 18-Nov. 27, 1847, New York, N.Y. : Corbett and McNally.</subfield></datafield><datafield ind1=" " ind2=" " tag="588"><subfield code="a">Description based on: Vol. 3, no. 1 (May 24, 1845).</subfield></datafield><datafield ind1=" " ind2=" " tag="533"><subfield code="a">Microfilm.</subfield><subfield code="b">Ann Arbor, Mich. :</subfield><subfield code="c">University Microfilms.</subfield><subfield code="e">1 microfilm reel ; 35 mm.</subfield><subfield code="f">(American periodical series, 1800-1850 ; 576).</subfield></datafield><datafield ind1=" " ind2="0" tag="651"><subfield code="a">New York (N.Y.)</subfield><subfield code="v">Newspapers.</subfield></datafield><datafield ind1=" " ind2="0" tag="651"><subfield code="a">New York County (N.Y.)</subfield><subfield code="v">Newspapers.</subfield></datafield><datafield ind1=" " ind2="7" tag="651"><subfield code="a">New York (State)</subfield><subfield code="z">New York.</subfield><subfield code="2">fast</subfield><subfield code="0">(OCoLC)fst01204333</subfield></datafield><datafield ind1=" " ind2="7" tag="651"><subfield code="a">New York (State)</subfield><subfield code="z">New York County.</subfield><subfield code="2">fast</subfield><subfield code="0">(OCoLC)fst01234953</subfield></datafield><datafield ind1=" " ind2="7" tag="655"><subfield code="a">Newspapers.</subfield><subfield code="2">fast</subfield><subfield code="0">(OCoLC)fst01423814</subfield></datafield><datafield ind1="1" ind2=" " tag="700"><subfield code="a">Walsh, Mike,</subfield><subfield code="d">1810-1859.</subfield></datafield><datafield ind1=" " ind2=" " tag="752"><subfield code="a">United States</subfield><subfield code="b">New York</subfield><subfield code="c">New York</subfield><subfield code="d">New York.</subfield></datafield><datafield ind1="1" ind2=" " tag="776"><subfield code="c">Original</subfield><subfield code="w">(DLC)sn 83030463</subfield><subfield code="w">(OCoLC)1605965</subfield></datafield><datafield ind1="0" ind2="1" tag="780"><subfield code="t">Subterranean and the Working man's advocate</subfield><subfield code="w">(DLC)sf 89091828</subfield><subfield code="w">(OCoLC)10364959</subfield></datafield><datafield ind1=" " ind2="0" tag="830"><subfield code="a">American periodical series, 1800-1850 ;</subfield><subfield code="v">576.</subfield></datafield></record>